@inproceedings{bottou-2010,
  author = {Bottou, L\'{e}on},
  title = {Large-Scale Machine Learning with Stochastic Gradient Descent},
  year = {2010},
  booktitle = {Proceedings of the 19th International Conference on Computational Statistics (COMPSTAT'2010)},
  address = {},
  month = {},
  publisher = {},
  pages = {177--187}
}

@incollection{bottou-98x,
  author = {Bottou, L\'{e}on},
  title = {Online Algorithms and Stochastic Approximations},
  booktitle = {Online Learning and Neural Networks},  address = {},
  year = {1998}
  }

@INPROCEEDINGS{HechtNielsen_94,
AUTHOR =       "{Nielsen R.}",
TITLE =        "{Context Vectors: General Purpose Approximate Meaning Representations Self-organized From Raw Data}",
BOOKTITLE =    "{Computational Intelligence: Imitating Life}",
YEAR =         "1994",
pages =        "43--56",
publisher =    "{}"
}

@INPROCEEDINGS{Arriaga_99,
AUTHOR =       "{Arriaga R. and Vempala S.}",
TITLE =        "{An Algorithmic Theory of Learning: Robust Concepts and Random Projection}",
BOOKTITLE =    "{Proceedings of the 40th Foundations of Computer Science}",
YEAR =         "1999"
}

@INPROCEEDINGS{Kempe_03, 
author={Kempe, D. and Dobra, A. and Gehrke, J.}, 
booktitle={Proceedings. 44th Annual IEEE Symposium on Foundations of Computer Science.},
title={Gossip-based computation of aggregate information}, 
year={2003}, 
pages={482-491}}

@INPROCEEDINGS{Tsitsiklis_86, 
author={Tsitsiklis, J. N. and Bertsekas, D. P. and Athans, M.}, 
booktitle={IEEE Transactions on Automatic Control}, 
title={Distributed Asynchronous Deterministic and Stochastic Gradient Optimization Algorithms}, 
year={1986}, 
volume={AC-31},
number={9},
month={}
}


@article{Poljak_73,
    author = {Poljak, B. T. and Tsypkin, Y. Z.},
    journal = {Automatic Remote Control},
    pages = {45--68},
    title = {{Pseudogradient Adaptation and Training Algorithms}},
    volume = {3},
    year = {1973}
}

@book{Bertsekas_97,
 author = {Bertsekas, D. P. and Tsitsiklis, J. N.},
 title = {Parallel and Distributed Computation: Numerical Methods},
 year = {1997},
 publisher = {},
 address = {},
} 

@book{Boyd_04,
 author = {Boyd, S. and Vandenberghe, L.},
 title = {Convex Optimization},
 year = {2004},
 publisher = {},
 address = {},
} 

@book{Varga_62,
 author = {Varga, R.S.},
 title = {Matrix Iterative Analysis},
 year = {1962},
 publisher = {},
 address = {}
} 


@article{Hyers_52,
     title = {Approximately Convex Functions},
     author = {Hyers, D. H. and Ulam, S. M.},
     journal = {Proceedings of the American Mathematical Society},
     volume = {3},
     number = {5},
     pages = {pp. 821-828},
     year = {1952},
     publisher = {}
    }

@article{Cybenko_89,
     title = {Dynamic Load Balancing for Distributed Memory Multiprocessors},
     author = {Cybenko, G.},
     journal = {Proceedings of the Journal of Parallel and Distributed Computing},
     volume = {7},
     number = {},
     pages = {pp. 279--301},
     year = {1989}
    }

@article{Pales_02,
     title = {On Approximately Convex Functions},
     author = {P\'ales, Z.},
     journal = {Proceedings of the American Mathematical Society},
     volume = {131},
     number = {1},
     pages = {pp. 243--252},
     year = {2002},
     publisher = {},
    }
    

@book{Benveniste_90,
 author = {Benveniste, Albert and Priouret, Pierre and M{\'e}tivier, Michel},
 title = {Adaptive algorithms and stochastic approximations},
 year = {1990},
 publisher = {Springer-Verlag New York, Inc.},
 address = {},
} 

@article {Bottou_05,
author = {Bottou, L\'{e}on and Le Cun, Yann},
title = {On-line learning for very large data sets},
journal = {Applied Stochastic Models in Business and Industry},
volume = {21},
number = {2},
pages = {137--151},
year = {2005}
}

@incollection{lecun-98a,
  author = {{Le Cun}, Yann and Bottou, L\'{e}on and Orr, Genevieve B. and M{\"{u}}ller, Klaus-Robert},
  title = {Efficient Backprop},
  booktitle = {Neural Networks, Tricks of the Trade},
  series = {Lecture Notes in Computer Science},
  publisher = {},
  year = {1998},
}

@article{Larson_77,
 author = {Larson, J. and Michalski, R. S.},
 title = {Inductive inference of {VL} decision rules},
 journal = {SIGART Bull.},
 issue_date = {June 1977},
 number = {63},
 month = jun,
 year = {1977},
 pages = {38--44},
 numpages = {7}
} 

@article{Specia_09,
year={2009},
journal={Machine Learning},
volume={76},
number={1},
title={An investigation into feature construction to assist word sense disambiguation},
author={Specia, Lucia and Srinivasan, Ashwin and Joshi, Sachindra and Ramakrishnan, Ganesh and Gra√ßas Volpe Nunes, Maria},
pages={109-136}
}

@inproceedings{Du_01a,
 author = {Du, W. and Atallah, M.},
 title = {Privacy-Preserving Cooperative Statistical Analysis},
 booktitle = {Proceedings of the 17th Annual Computer Security Applications Conference},
 series = {},
 year = {2001},
 pages = {102--}
 } 

@incollection{Du_01b,
year={2001},
booktitle={E-Commerce Security and Privacy},
volume={2},
series={Advances in Information Security},
title={Protocols for Secure Remote Database Access with Approximate Matching},
author={Du, Wenliang and Atallah, MikhailJ.},
pages={87-111}
}

@inproceedings{Vaidya_02,
 author = {Vaidya, Jaideep and Clifton, Chris},
 title = {Privacy preserving association rule mining in vertically partitioned data},
 booktitle = {Proceedings of the eighth ACM SIGKDD international conference on Knowledge discovery and data mining},
 series = {KDD '02},
 year = {2002},
 pages = {639--644},
 numpages = {6}
} 

@inproceedings{JawanpuriaNR11,
  author    = {Pratik Jawanpuria and
               Jagarlapudi Saketha Nath and
               Ganesh Ramakrishnan},
  title     = {Efficient Rule Ensemble Learning using Hierarchical Kernels},
  booktitle = {ICML},
  year      = {2011},
  pages     = {161-168}
}

@inproceedings{NairSRK12,
  author    = {Naveen Nair and
               Amrita Saha and
               Ganesh Ramakrishnan and
               Shonali Krishnaswamy},
  title     = {Rule Ensemble Learning Using Hierarchical Kernels in Structured
               Output Spaces},
  booktitle = {AAAI},
  year      = {2012}
 }

@inproceedings{NageshRCKDB12,
  author    = {Ajay Nagesh and
               Ganesh Ramakrishnan and
               Laura Chiticariu and
               Rajasekar Krishnamurthy and
               Ankush Dharkar and
               Pushpak Bhattacharyya},
  title     = {Towards Efficient Named-Entity Rule Induction for Customizability},
  booktitle = {EMNLP-CoNLL},
  year      = {2012},
  pages     = {128-138}
 }

@inproceedings{KulkarniSRC09,
  author    = {Sayali Kulkarni and
               Amit Singh and
               Ganesh Ramakrishnan and
               Soumen Chakrabarti},
  title     = {Collective annotation of Wikipedia entities in web text},
  booktitle = {KDD},
  year      = {2009},
  pages     = {457-466}
}

@inproceedings{ChalamallaNSR08,
  author    = {Anup Chalamalla and
               Sumit Negi and
               L. Venkata Subramaniam and
               Ganesh Ramakrishnan},
  title     = {Identification of class specific discourse patterns},
  booktitle = {CIKM},
  year      = {2008},
  pages     = {1193-1202}
 
}


@inproceedings{JoshiRS08,
  author    = {Sachindra Joshi and
               Ganesh Ramakrishnan and
               Ashwin Srinivasan},
  title     = {Feature Construction Using Theory-Guided Sampling and Randomised
               Search},
  booktitle = {ILP},
  year      = {2008},
  pages     = {140-157}
}

@inproceedings{RamakrishnanJBS07,
  author    = {Ganesh Ramakrishnan and
               Sachindra Joshi and
               Sreeram Balakrishnan and
               Ashwin Srinivasan},
  title     = {Using {ILP} to Construct Features for Information Extraction
               from Semi-structured Text},
  booktitle = {ILP},
  year      = {2007},
  pages     = {211-224}
  }


@inproceedings{SpeciaSRN06,
  author    = {Lucia Specia and
               Ashwin Srinivasan and
               Ganesh Ramakrishnan and
               Maria das Gra\c{c}as Volpe Nunes},
  title     = {Word Sense Disambiguation Using Inductive Logic Programming},
  booktitle = {ILP},
  year      = {2006},
  pages     = {409-423}
 }


@inproceedings{12,
  author    = {Ashwin Srinivasan and Tanveer Faruquie and Indrajit Bhattacharya and Ross King},
  title     = {Topic Models with Relational Features for Drug Design},
  booktitle = {ILP},
  year      = {2012}
}


@inproceedings{Amrita12,
  author    = {Amrita Saha and
               Ashwin Srinivasan and
               Ganesh Ramakrishnan},
  title     = {What Kinds of Relational Features are Useful for Statistical Learning?},
  booktitle = {ILP},
  year      = {2012}
}

@article{SrinivasanFJ12,
  author    = {Ashwin Srinivasan and
               Tanveer A. Faruquie and
               Sachindra Joshi},
  title     = {Data and task parallelism in ILP using MapReduce},
  journal   = {Machine Learning},
  volume    = {86},
  number    = {1},
  year      = {2012},
  pages     = {141-168}
 }

@article{FonsecaSSC09,
  author    = {Nuno A. Fonseca and
               Ashwin Srinivasan and
               Fernando M. A. Silva and
               Rui Camacho},
  title     = {Parallel ILP for distributed-memory architectures},
  journal   = {Machine Learning},
  volume    = {74},
  number    = {3},
  year      = {2009},
  pages     = {257-279}
}


@article{CostaSCBDJSVL03,
  author    = {V\'{\i}tor Santos Costa and
               Ashwin Srinivasan and
               Rui Camacho and
               Hendrik Blockeel and
               Bart Demoen and
               Gerda Janssens and
               Jan Struyf and
               Henk Vandecasteele and
               Wim Van Laer},
  title     = {Query Transformations for Improving the Efficiency of ILP
               Systems},
  journal   = {Journal of Machine Learning Research},
  volume    = {4},
  year      = {2003},
  pages     = {465-491}
}


@inproceedings{PaesZZPS06,
  author    = {Aline Paes and
               Filip Zelezn{\'y} and
               Gerson Zaverucha and
               C. David Page Jr. and
               Ashwin Srinivasan},
  title     = {ILP Through Propositionalization and Stochastic k-Term DNF
               Learning},
  booktitle = {ILP},
  year      = {2006},
  pages     = {379-393}
}

@article{Srinivasan99,
  author    = {Ashwin Srinivasan},
  title     = {A Study of Two Sampling Methods for Analyzing Large Dataset with ILP},
  journal   = {Data Min. Knowl. Discov.},
  volume    = {3},
  number    = {1},
  year      = {1999},
  pages     = {95-123}
}


@inproceedings{l1Reg,
  author    = {Yanjun Han and 
	      Jue Wang},
  title     = {An l1 Regularization Framework for Optimal Rule Combination},
  booktitle = {ECML/PKDD},	
  year      = {2009}
}


@article{satLPartition,
  author    = {Alexander Kolokolov and 
	       Alexander Adelshin and 
	       Darya Yagofarova},
  title     = {Analysis and Solving SAT and MAX-SAT Problems Using an L-partition Approach},
  journal   = {Journal of Mathematical Models and Algorithms},
  year      = {2012}
}


@inproceedings{naveen2010,
  author    = {Naveen Nair and Anandraj Govindan and Chander Jayaraman and Kiran TVS and Ganesh Ramakrishnan},
  title     = {Pruning Search Space for Weighted First Order Horn Clause Satisfiability},
  booktitle = {ILP},
  year      = {2010},
}

@article{FilipML2006,
  author    = {Filip Zelezn{\'y} and
               Ashwin Srinivasan and
               C. David Page Jr.},
  title     = {Randomised restarted search in ILP},
  journal   = {Machine Learning},
  volume    = {64},
  number    = {1},
  year      = {2006},
  pages     = {183-208}
}


@article{AshwinJMLR2012,
  author    = {Ashwin Srinivasan and Ganesh Ramakrishnan},
  title     = {Parameter Screening and Optimisation for {ILP} using Designed Experiments},
  journal   = {Journal of Machine Learning Research},
  volume    = {12},
  year      = {2011},
  pages     = {627-662}
}


@inproceedings{cvpr2007,
  author    = {Sebastian Nowozin and Gokhan Bakƒ±r and Koji Tsuda},
  title     = {Discriminative Subsequence Mining for Action Classification},
  booktitle = {CVPR},	
  year      = {2007},
}

@inproceedings{nips2004,
  author    = {Taku Kudo and Eisaku Maeda and Yuji Matsumoto},
  title     = {An Application of Boosting to Graph Classification},
  booktitle = {NIPS},	
  year      = {2004},
}


@inproceedings{hipc2010,
  author    = {Olga Nikolova and Jaroslaw Zola and Srinivas Aluru},
  title     = {A Parallel Algorithm for Exact Structure Learning of Bayesian Networks},
  booktitle = {HIPC},	
  year      = {2010},
}

@article{subseqGap2006,
  author    = {Xiaonan Ji and James Bailey and Guozhu Dong},
  title     = {Mining Minimal Distinguishing Subsequence Patterns with Gap Constraints},
  journal   = {Knowledge and Information Systems},
  year      = {2006},
}


@article{pei2004,
  author    = {Jian Pei},
  title     = {Mining Sequential Patterns by Pattern-Growth: The {PrefixSpan} Approach},
  journal   = {Journal of Machine Learning Research},
  volume    = {16-11},
  year      = {2004},
}


@inproceedings{bitSpade,
  author    = {Sujeevan Aseervatham and  Aomar Osmani and Emmanuel Viennet},
  title     = {{bitSPADE}: A Lattice-Based Sequential Pattern Mining Algorithm Using Bitmap Representation},
  booktitle = {ICDM},	
  year      = {2006},
}


@article{han2005,
  author    = {Jian Pei and Jiawei Han and Wei Wang},
  title     = {Constraint-based sequential pattern mining: the pattern-growth methods},
  journal   = {Journal of Intelligent Information Systems},
  year      = {2005}
}

@inproceedings{antunes2003,
  author    = {Claudia Antunes and Arlindo L. Oliveira},
  title     = {Generalization of Pattern-growth Methods for Sequential Pattern Mining with Gap Constraints},
  booktitle = {MLDM},	
  year      = {2003},
}

@inproceedings{rakesh1995,
  author    = {Rakesh Agrawal and Ramakrishnan Srikant},
  title     = {Mining Sequential Patterns},
  booktitle = {ICDE},	
  year      = {1995},
}

@article{han2004,
  author    = {Jian Pei and Jiawei Han and Xi-Feng Yan},
  title     = {From Sequential Pattern Mining to Structured Pattern Mining: A Pattern-Growth Approach},
  journal   = {Journal of Computer Science and Technology},
  volume    = {9},
  number    = {3},
  year      = {2004},
  pages     = {257-279}
}


@inproceedings{gehrke2002,
  author    = {Jay Ayres and Johannes Gehrke and Tomi Yiu and Jason Flannick},
  title     = {Sequential PAttern Mining using A Bitmap Representation},
  booktitle = {KDD},	
  year      = {2002}
}

@article{SpeciaSJRN09,
  author    = {Mohammed J. Zaki},
  title     = {SPADE: An Efficient Algorithm for Mining Frequent Sequences},
  journal   = {Machine Learning},
  volume    = {42},
  year      = {2001},
  pages     = {31-60}
}

@inproceedings{rastogi1999,
  author    = {Minos N. Garofalakis and Rajeev Rastogi and Kyuseok Shim},
  title     = {SPIRIT: Sequential Pattern Mining with Regular Expression Constraints},
  booktitle = {VLDB},	
  year      = {1999}
}

@book{Tao_11,
 author = {Terence Tao},
 title = {An introduction to measure theory},
 year = {2011},
 publisher = {},
 address = {},
} 

@INPROCEEDINGS{John_94,
    author = {George H. John and Ron Kohavi and Karl Pfleger},
    title = {Irrelevant Features and the Subset Selection Problem},
    booktitle = {Proceedings of the Eleventh International Conference on Machine Learning},
    year = {1994},
    pages = {121--129},
    publisher = {}
}

@article{Kohavi_97,
 author = {Kohavi, Ron and John, George H.},
 title = {Wrappers for Feature Subset Selection},
 journal = {Artif. Intell.},
 volume = {97},
 number = {1-2},
 month = dec,
 year = {1997},
 pages = {273--324},
 numpages = {52}
} 

@ARTICLE{Liu_05, 
author={Huan Liu and Lei Yu}, 
journal={Knowledge and Data Engineering, IEEE Transactions on}, 
title={Toward integrating feature selection algorithms for classification and clustering}, 
year={2005}, 
month={April}, 
volume={17}, 
number={4}, 
pages={491-502}
}

@article{Saeys_07,
 author = {Saeys, Yvan and Inza, I\~{n}aki and Larra\~{n}aga, Pedro},
 title = {A Review of Feature Selection Techniques in Bioinformatics},
 journal = {Bioinformatics},
 issue_date = {September 2007},
 volume = {23},
 number = {19},
 month = sep,
 year = {2007},
 pages = {2507--2517},
 numpages = {11},
  address = {}
} 

@TECHREPORT{Chris_08,
  AUTHOR =        {Christoudias, C.M. and Urtasun, R. and Darrell, T.},
  TITLE =         {Unsupervised Distributed Feature Selection for Multi-View Object Recognition},
  NUMBER =        {MIT-CSAIL-TR-2008-009},
  INSTITUTION =   {MIT},
  ADDRESS =       {},
  MONTH =         {February},
  YEAR  =         {2008}
}

@book{Liu_98,
 author = {Liu, Huan and Motoda, Hiroshi},
 title = {Feature Selection for Knowledge Discovery and Data Mining},
 year = {1998},
 publisher = {Kluwer Academic Publishers},
 address = {}
} 

@inproceedings{Yang_97,
 author = {Yang, Yiming and Pedersen, Jan O.},
 title = {A Comparative Study on Feature Selection in Text Categorization},
 booktitle = {Proceedings of the Fourteenth International Conference on Machine Learning},
 series = {ICML '97},
 year = {1997},
 pages = {412--420},
 numpages = {9}
} 

@article{Das_10,
  author    = {Kamalika Das and
               Kanishka Bhaduri and
               Hillol Kargupta},
  title     = {A local asynchronous distributed privacy preserving feature
               selection algorithm for large peer-to-peer networks},
  journal   = {Knowl. Inf. Syst.},
  volume    = {24},
  number    = {3},
  year      = {2010},
  pages     = {341-367}
}

@ARTICLE{Duchi_12,
   author = {{Duchi}, J. and {Agarwal}, A. and {Wainwright}, M.},
    title = "{Dual Averaging for Distributed Optimization: Convergence Analysis and Network Scaling}",
  journal = {IEEE Transactions on Automatic Control},
     year = {2012},
    month = {March},
    volume ={57},
    number ={3},
    pages ={592-606}
  }
  
@article{Agarwal_14a,
  author  = {Alekh Agarwal and Oliveier Chapelle and Miroslav Dud\'{i}k and John Langford},
  title   = {A Reliable Effective Terascale Linear Learning System},
  journal = {Journal of Machine Learning Research},
  year    = {2014},
  volume  = {15},
  pages   = {1111-1133}
}  

@article{Mangasarian_95,
author = {Mangasarian, L.},
title = {Parallel Gradient Distribution in Unconstrained Optimization},
journal = {SIAM Journal on Control and Optimization},
volume = {33},
number = {6},
pages = {1916-1925},
year = {1995}
}

@inproceedings{McDonald_10,
 author = {McDonald, Ryan and Hall, Keith and Mann, Gideon},
 title = {Distributed Training Strategies for the Structured Perceptron},
 booktitle = {The Annual Conference of the North American Chapter of the Association for Computational Linguistics},
 series = {},
 year = {2010},
 location = {},
 pages = {456--464},
 publisher = {},
 address = {}
} 

@inproceedings{zinkevich_10,
  title={Parallelized Stochastic Gradient Descent.},
  author={Zinkevich, Martin and Weimer, Markus and Smola, Alexander J and Li, Lihong},
  booktitle={NIPS},
  volume={4},
  number={1},
  pages={4},
  year={2010}
}

@article{Hogwild_11,
  title={Hogwild!: A lock-free approach to parallelizing stochastic gradient descent},
  author={Niu, Feng and Recht, Benjamin and R{\'e}, Christopher and Wright, Stephen J},
  journal={Advances in Neural Information Processing Systems},
  volume={24},
  pages={693--701},
  year={2011}
}

@article{Boyd_11,
 author = {Boyd, Stephen and Parikh, Neal and Chu, Eric and Peleato, Borja and Eckstein, Jonathan},
 title = {Distributed Optimization and Statistical Learning via the Alternating Direction Method of Multipliers},
 journal = {Found. Trends Mach. Learn.},
 issue_date = {January 2011},
 volume = {3},
 number = {1},
 month = jan,
 year = {2011},
 pages = {1--122}
} 

@ARTICLE{Lin_05,
    author = {Lin Xiao and Stephen Boyd and Seung-jean Kim},
    title = {Distributed average consensus with least-mean-square deviation},
    journal = {Journal of Parallel and Distributed Computing},
    year = {2005},
    volume = {67},
    pages = {33--46}
}

@phdthesis{Tsitsiklis_84,
  author = {Tsitsiklis, John N.},
   month = {November},
  school = {Department of EECS, MIT},
  title = {Problems in Decentralized Decision Making and Computation},
  year = {1984}
}

@article{Boyd_06,
 author = {Boyd, Stephen and Ghosh, Arpita and Prabhakar, Balaji and Shah, Devavrat},
 title = {Randomized Gossip Algorithms},
 journal = {IEEE/ACM Trans. Netw.},
 issue_date = {June 2006},
 volume = {14},
 number = {SI},
 month = jun,
 year = {2006},
 pages = {2508--2530}
 } 

@article{Shah_09,
 author = {Shah, Devavrat},
 title = {Gossip Algorithms},
 journal = {Found. Trends Netw.},
 issue_date = {},
 volume = {3},
 number = {1},
 month = jan,
 year = {2009},
 pages = {1--125}
} 

@INPROCEEDINGS{Dimakis_06, 
author={Dimakis, A.G. and Sarwate, A.D. and Wainwright, M.J.}, 
booktitle={The Fifth International Conference on Information Processing in Sensor Networks}, 
title={Geographic gossip: efficient aggregation for sensor networks}, 
year={2006}, 
month={}, 
pages={69-76}
}

@ARTICLE{Benezit_10, 
author={Benezit, F. and Dimakis, A.G. and Thiran, P. and Vetterli, M.}, 
journal={Information Theory, IEEE Transactions on}, 
title={Order-Optimal Consensus Through Randomized Path Averaging}, 
year={2010}, 
month={Oct}, 
volume={56}, 
number={10}, 
pages={5150-5167}
}

@incollection{Langford_09a,
    author = {Langford, John and Smola, Alex and Zinkevich, Martin},
    booktitle = {Advances in Neural Information Processing Systems},
    pages = {2331--2339},
    title = {Slow Learners are Fast},
    year = {2009}
}

@article{Dekel_12a,
 author = {Dekel, Ofer and Gilad-Bachrach, Ran and Shamir, Ohad and Xiao, Lin},
 title = {Optimal Distributed Online Prediction Using Mini-batches},
 journal = {J. Mach. Learn. Res.},
 issue_date = {},
 volume = {13},
 number = {1},
 month = jan,
 year = {2012},
 pages = {165--202}
} 

@incollection{bottou_2011,
  author = {Bottou, L\'{e}on and Bousquet, Olivier},
  title = {The Tradeoffs of Large Scale Learning},
  booktitle = {Optimization for Machine Learning},
  pages = {351-368},
  publisher = {MIT Press},
  year = {2011}
}

@techreport{Carlson_99,
  author = {A. Carlson and C. Cumby and J. Rosen and D. Roth},
  title = {The SNoW Learning Architecture},
  month = {5},
  year = {1999},
  institution = {UIUC Computer Science Department},
  number = {UIUCDCS-R-99-2101}
}

@article{King_96,
 author = {King, R. D. and Muggleton, S. H. and Srinivasan, A. and Sternberg, M J},
 title = {Structure-activity relationships derived by machine learning: the use of atoms
      and their bond connectivities to predict mutagenicity by inductive logic
      programming.},
 journal = {Proceedings of the National Academy of Sciences of the United States of America},
 issue_date = {},
 volume = {93},
 number = {1},
 month = jan,
 year = {1996},
 pages = {438-42}
} 

@article{King_96a,
     title = {Prediction of Rodent Carcinogenicity Bioassays from Molecular Structure Using Inductive Logic Programming},
     author = {King, Ross D. and Srinivasan, Ashwin},
     journal = {Environmental Health Perspectives},
     issuetitle = {Supplement 5},
     volume = {104},
     number = {},
     month = {Oct.},
     pages = {pp. 1031-1040},
     year = {1996}
    }

@article{Srinivasan_01b,
year={2001},
journal={Machine Learning},
volume={44},
number={3},
title={Extracting Context-Sensitive Models in Inductive Logic Programming},
author={Srinivasan, Ashwin},
pages={301-324},
}


@article{debnath_91,
  title={Structure-activity relationship of mutagenic aromatic and heteroaromatic nitro compounds. correlation with molecular orbital energies and hydrophobicity},
  author={Debnath, Asim Kumar and Lopez de Compadre, Rosa L and Debnath, Gargi and Shusterman, Alan J and Hansch, Corwin},
  journal={Journal of medicinal chemistry},
  volume={34},
  number={2},
  pages={786--797},
  year={1991},
  publisher={}
}

@incollection{Srinivasan_01a,
year={2001},
booktitle={Relational Data Mining},
editor={Dzeroski, Saso and Lavraç, Nada},
title={Four Suggestions and a Rule Concerning the Application of ILP},
publisher={},
author={Srinivasan, Ashwin},
pages={365-374}
}

@article{Ashby_91,
title = {Definitive relationships among chemical structure, carcinogenicity and mutagenicity for 301 chemicals tested by the U.S. \{NTP\} },
journal = {Mutation Research/Reviews in Genetic Toxicology},
volume = {257},
number = {3},
pages = {229 - 306},
year = {1991},
author = {John Ashby and Raymond W. Tennant}
}

@incollection{Srinivasan_99a,
    author = {Srinivasan, Ashwin},
    booktitle = {},
    title = {The Aleph Manual},
    year = {1999},
    url={http://www.comlab.ox.ac.uk/oucl/research/areas/machlearn/Aleph/}
}

@inproceedings{peersim,
	Author = {Alberto Montresor and M\'{a}rk Jelasity},
	Title = {{PeerSim}: A Scalable {P2P} Simulator},
	Booktitle = {Proc. of the 9th Int. Conference on Peer-to-Peer (P2P'09)},
	Year = {2009},
	Month = sep,
	Pages = {99-100},
	Address = {}
}

@incollection{Jelasity_04,
year={2004},
booktitle={Middleware 2004},
volume={3231},
series={},
title={The Peer Sampling Service: Experimental Evaluation of Unstructured Gossip-Based Implementations},
author={Jelasity, M√°rk and Guerraoui, Rachid and Kermarrec, Anne-Marie and Steen, Maarten},
pages={79-98}
}

@article{Jelasity_05,
  author    = {M{\'a}rk Jelasity and
               Alberto Montresor and
               {\"O}zalp Babaoglu},
  title     = {Gossip-based aggregation in large dynamic networks},
  journal   = {ACM Trans. Comput. Syst.},
  volume    = {23},
  number    = {3},
  year      = {2005},
  pages     = {219-252}
}

@inproceedings{Darken_90,
 author = {Darken, Christian and Moody, John},
 title = {Note on Learning Rate Schedules for Stochastic Optimization},
 booktitle = {Proceedings of the Conference on Advances in Neural Information Processing Systems},
 series = {},
 year = {1990},
 location = {},
 pages = {832--838}
 } 

@INPROCEEDINGS{Sutton_92,
    author = {Richard Sutton},
    title = {Adapting Bias by Gradient Descent: An Incremental Version of Delta-Bar-Delta},
    booktitle = {Proceeding of Tenth National Conference on Artificial Intelligence},
    year = {},
    pages = {171--176},
    publisher = {}
}


@incollection{bottou-bousquet-2011,
  author = {Bottou, L\'{e}on and Bousquet, Olivier},
  title = {The Tradeoffs of Large Scale Learning},
  booktitle = {Optimization for Machine Learning},
  pages = {351-368},
  publisher = {},
  year = {2011}
}

@article{Littlestone_88,
year={1988},
journal={Machine Learning},
volume={2},
number={4},
title={Learning Quickly When Irrelevant Attributes Abound: A New Linear-Threshold Algorithm},
author={Littlestone, Nick},
pages={285-318},
}

@inproceedings{Roth_98,
 author = {Roth, Dan},
 title = {Learning to Resolve Natural Language Ambiguities: A Unified Approach},
 booktitle = {Proceedings of the Innovative Applications of Artificial Intelligence},
 series = {},
 year = {1998},
 location = {},
 pages = {806--813}
} 

@techreport{CCRR99,
  author = {A. Carlson and C. Cumby and J. Rosen and D. Roth},
  title = {The SNoW Learning Architecture},
  month = {5},
  year = {1999},
  institution = {UIUC Computer Science Department},
  number = {UIUCDCS-R-99-2101}
}

@incollection{Muggleton_08,
year={2008},
booktitle={Logic Programming},
volume={5366},
series={},
editor={Garcia de la Banda, Maria and Pontelli, Enrico},
title={TopLog: ILP Using a Logic Program Declarative Bias},
author={Muggleton, StephenH. and Santos, Jos√©CarlosAlmeida and Tamaddoni-Nezhad, Alireza},
pages={687-692}
}

@inproceedings{ashking:ilp96,
        AUTHOR = "A. Srinivasan and R.D. King",
        TITLE = "{Feature construction with Inductive Logic Programming: a study of
                quantitative predictions of biological activity aided by structural
                attributes}",
        BOOKTITLE = "{Proceedings of the Sixth Inductive Logic Programming
                Workshop}",
        YEAR = 1996,
        SERIES = "",
        VOLUME = "1314",
        PAGES = "89--104",
        PUBLISHER = {},
        EDITOR = ""}

@inproceedings{FaruquieSK_12,
  author    = {Tanveer A. Faruquie and
               Ashwin Srinivasan and
               Ross D. King},
  title     = {Topic Models with Relational Features for Drug Design},
  booktitle = {ILP},
  year      = {2012},
  pages     = {45-57}}

@techreport{ashbain:stream,
  author = {Ashwin Srinivasan and Michael Bain},
  title  = {An Empirical Study of On-Line Models for Relational Data Streams},
	number = {201401},
  institution = {School of Computer Science and Engineering, UNSW},
  year = "2014"}

@techreport{michie:eastwest,
  author = {Michie, D. and Muggleton, S. and Page, D. and Srinivasan, A.},
  title  = {To the international computing community: A new East-West challenge.},

  number = {},
  institution = {Oxford UniversityComputing Laboratory, Oxford, UK.},
  year = "1994"}
 
 
@inproceedings{Sanov_57,
  author    = {Sanov, I. N.},
  title     = {On the probability of large deviations of random variables},
  booktitle = {Mat. Sbornik},
  year      = {1957},
  volume={42},
  pages     = {11-44}}

  @article{Huang2008,
 author = {Huang, Cheng-Lung and Dun, Jian-Fan},
 title = {A Distributed PSO-SVM Hybrid System with Feature Selection and Parameter Optimization},
 journal = {Appl. Soft Comput.},
 issue_date = {},
 volume = {8},
 number = {4},
 month = {},
 year = {2008},
 pages = {1381--1391}
} 

@inproceedings{Pillai06,
  author = {Pillai, Karthik Ganesan and Courte, Dale E.},
  booktitle = {IC-AI},
  pages = {210-216},
  publisher = {},
  title = {Distributed Optimization of Feature Mining Using Evolutionary Techniques.},
  year = {2006}
}

@inproceedings{SinghKLS09,
  author = {Singh, Sameer and Kubica, Jeremy and Larsen, Scott and Sorokina, Daria},
  booktitle = {SDM},
  pages = {1172-1183},
  title = {Parallel Large Scale Feature Selection for Logistic Regression.},
  year = {2009}
}

@article{Lopez_06,
title = {Solving feature subset selection problem by a Parallel Scatter Search},
journal = {European Journal of Operational Research},
volume = {169},
number = {2},
pages = {477 - 489},
year = {2006},
author = {F. G.Lopez and M. G.ÅTorres and B.M. Batista and J. A. M. Perez and J. M. Moreno-Vega},
}

@article{Garcia_06,
  title={A parallel feature selection algorithm from random subsets},
  author={Garcia, Daniel J and Hall, Lawrence O and Goldgof, Dmitry B and Kramer, Kurt},
  journal={Proceedings of the International Workshop on Parallel Data Mining},
  year={2006}
}

@inproceedings{ZhaoCDS12,
  author = {Zhao, Zheng and Cox, James and Duling, David and Sarle, Warren},
  booktitle = {ECML/PKDD},
   pages = {237-252},
  publisher = {},
  series = {},
  title = {Massively Parallel Feature Selection: An Approach Based on Variance Preservation.},
  volume = {7523},
  year = {2012}
}

@incollection{Sun_14,
year={2014},
booktitle={Computer Engineering and Networking},
volume={277},
series={Lecture Notes in Electrical Engineering},
title={Parallel Feature Selection Based on MapReduce},
author={Sun, Zhanquan},
pages={299-306}
}

@INPROCEEDINGS{Kargupta_98a,
    AUTHOR      = {H. Kargupta and B. Park and E. Johnson and E. Sanseverino and L. Silvestre
                   and D. Hershberger},
    TITLE       = {{Collective Data Mining From Distributed Vertically Partitioned Feature Space}},
    BOOKTITLE   = {{Workshop on distributed data mining in International Conference on Knowledge
                   Discovery and Data Mining.}},
    YEAR        = {1998},
    EDITOR      = {},
    PAGES       = {},
    PUBLISHER   = {},
    VOLUME      = {},
    NUMBER      = {},
    SERIES      = {},
    ADDRESS     = {},
    MONTH       = {},
    NOTE        = {},
    KEYWORDS    = {},
    ISBN        = {}
    }

@inproceedings{Zhou_14,
  author    = {Yingbo Zhou and
               Utkarsh Porwal and
               Ce Zhang and
               Hung Q. Ngo and
               Long Nguyen and
               Christopher R{\'{e}} and
               Venu Govindaraju},
  title     = {Parallel Feature Selection Inspired by Group Testing},
  booktitle = {Annual Conference
               on Neural Information Processing Systems
               },
  pages     = {3554--3562},
  year      = {2014}
}

@article{Blum1992,
 author = {Blum, Avrim},
 title = {Learning Boolean Functions in an Infinite Attribute Space},
 journal = {Mach. Learn.},
 issue_date = {},
 volume = {9},
 number = {4},
 month = {},
 year = {1992},
 pages = {373--386},
 numpages = {14},
  address = {},
} 

@incollection{davis2005integrated,
  title={An integrated approach to learning Bayesian networks of rules},
  author={Davis, Jesse and Burnside, Elizabeth and de Castro Dutra, In{\^e}s and Page, David and Costa, V{\'\i}tor Santos},
  booktitle={Machine Learning: ECML 2005},
  pages={84--95},
  year={2005},
  publisher={}
}

@inproceedings{Davis05b,
  author    = {Jesse Davis and
               Elizabeth S. Burnside and
               In{\^{e}}s de Castro Dutra and
               David Page and
               Raghu Ramakrishnan and
               V{\'{\i}}tor Santos Costa and
               Jude W. Shavlik},
  title     = {View Learning for Statistical Relational Learning: With an Application
               to Mammography},
  booktitle = {Proceedings of the Nineteenth International Joint Conference
               on Artificial Intelligence},
  pages     = {677--683},
  year      = {2005}
  }


@article{Landwehr:2007,
 author = {Landwehr, Niels and Kersting, Kristian and Raedt, Luc De},
 title = {Integrating Naive Bayes and FOIL},
 journal = {J. Mach. Learn. Res.},
 issue_date = {},
 volume = {8},
 month = {},
 year = {2007},
 pages = {481--507}
 }
 
 @inproceedings{Davis:2007,
 author = {Davis, Jesse and Ong, Irene and Struyf, Jan and Burnside, Elizabeth and Page, David and Costa, V\'{\i}tor Santos},
 title = {Change of Representation for Statistical Relational Learning},
 booktitle = {Proceedings of the 20th International Joint Conference on Artificial Intelligence},
 series = {},
 year = {2007},
 location = {},
 pages = {2719--2726}
 }  

@inproceedings{Dzeroski:1993,
 author = {D\v{z}eroski, Sa\v{s}o},
 title = {Handling Imperfect Data in Inductive Logic Programming},
 booktitle = {Proceedings of the Fourth Scandinavian Conference on Artificial Intelligence},
 series = {},
 year = {1993},
 pages = {111--125}
  } 
  
@article{Filip_06a,
year={2006},
journal={Machine Learning},
volume={64},
number={1-3},
title={Randomised restarted search in ILP},
author={¥elezn˝, Filip and Srinivasan, Ashwin and Page, C.David, Jr.},
pages={183-208}
}
  
@inproceedings{Fonseca:2005,
 author = {Fonseca, Nuno A. and Silva, Fernando and Camacho, Rui},
 title = {Strategies to Parallelize {ILP} Systems},
 booktitle = {Proceedings of the 15th International Conference on Inductive Logic Programming},
 series = {},
 year = {2005},
 location = {},
 pages = {136--153}
 }   
 
 @incollection{Muggleton_08a,
year={2008},
booktitle={Logic Programming},
volume={5366},
title={{TopLog: ILP Using a Logic Program Declarative Bias}},
author={Muggleton, Stephen H. and Santos, JosÈ Carlos Almeida and Tamaddoni-Nezhad, Alireza},
pages={687-692}
}

@article{Srinivasan_1996y,
 author = {Srinivasan, Ashwin and Muggleton, S. H. and Sternberg, M. J. E. and King, R. D.},
 title = {Theories for Mutagenicity: A Study in First-order and Feature-based Induction},
 journal = {Artif. Intell.},
 volume = {85},
 number = {1-2},
 year = {1996},
 pages = {277--299}
} 


